@article{invpub,
title = "Normas básicas del Sistema Nacional de Inversión Pública",
url = "http://archivo.vipfe.gob.bo//PR/documentos/normas/1_RS_216768_NB_SNIP.pdf",
ID = "1_RS_216768_NB_SNIP",
Summary = "Artículo 8",
Rights = "Aprobada con Resolución Suprema Nº 216768",
Published = "25 de junio de 1996"
}
@article{fuenfin,
title = "Normas básicas del Sistema Nacional de Inversión Pública",
url = "http://archivo.vipfe.gob.bo//PR/documentos/normas/1_RS_216768_NB_SNIP.pdf",
ID = "1_RS_216768_NB_SNIP",
Summary = "Artículo 9",
Rights = "Aprobada con Resolución Suprema Nº 216768",
Published = "25 de junio de 1996"
}
@article{asigpresup,
title = "La asignación presupuestaria y su incidencia en la Administración Pública",
volume = "4",
pages  = "313",
issn = "2477-8818",
url = "https://dialnet.unirioja.es/descarga/articulo/6560191.pdf",
author  = "Walter M. Mendoza Zamora, Viviana M. Loor Carvajal, Ginger E. Salazar Pin, Dayan A. Nieto Parrales",
ID = "6560191",
Rights = "Fundación Dialnet",
Published = "20 de agosto de 2018"
}
@article{proyect,
title = "Directrices de Formulación Presupuestaria, y de Planificación e Inversión Pública para el presupuesto gestión 2017",
pages  = "127",
url = "https://www.economiayfinanzas.gob.bo/sites/default/files/2021-12/Directrices%20Presupuestarias_2017.pdf",
author  = "Ministerio de Economía y Finanzas Públicas",
ID = "1231",
Rights = "MEFP",
Published = "2016"
}